01663 am a22002893u 4500
001 usp000000468
020 $a 9788566404227
024 7 $a 10.4321/geo.11 $2 doi
042 $a dc
100 10 $a Techio Pereira, Lilian Elgalise, $e author
245 10 $a Recomendações para correção e adubação de pastagens tropicais
260 $b USP Open Books Portal, $c 2021.
300 $a 1 online resource
500 $a 10.4321/geo.11
500 $a http://0.0.0.0:8888/index.php/portaldelivrosUSP/catalog/book/31
506 0 $a Free-to-read $f Unrestricted online access $2 star
520 $a O objetivo da obra é fornecer instruções, de maneira simples e prática, para correção e adubação de pastagens tropicais. A elaboração deste livro é uma das iniciativas de ampliação no acesso à informação e transferência de tecnologia, desenvolvida pelo Grupo de Estudos em Forragicultura e Pastagens (GEFEP) da Faculdade de Zootecnia e Engenharia de Alimentos (FZEA-USP). Os autores esperam que essa iniciativa possa colaborar para o desenvolvimento dos sistemas produtivos na região, contribuir para a recuperação das pastagens e, ainda, oportunizar melhorias em produtividade e persistência das gramíneas tropicais.
655 7 $a Livro $2 local
700 10 $a Nishida, Nathalia Tami, $e author
700 10 $a Carvalho,  Lucas da Rocha, $e author
700 10 $a Herling, Valdo Rodrigues, $e author
786 0 $n Portal de Livros Abertos da USP;
786 0 $n USP Open Books Portal;
793 0 $a Portal de Livros Abertos da USP
856 40 $z Free-to-read: $u http://0.0.0.0:8888/index.php/portaldelivrosUSP/catalog/book/31 $7 0
949 $a Electronic resource $w ASIS $m ONLINE $k ONLINE $l ONLINE $o USP OA harvest 471 records 20210803 $r Y $s Y $t ONLINE
997 $a BSLW: DO NOT PROCESS.
596 $a 42
926 $a ONLINE $b ONLINE $c Electronic resource $d ONLINE $f 1

*******************************************

Total de caracteres am a22002893u
4500 UM BILHÃO DE NÚMEROSusp000000468 a97885664042277 a10.4321/geo.112doi  adc10aTechio Pereira, Lilian Elgalise,eauthor10aRecomendações para correção e adubação de pastagens tropicais  bUSP Open Books Portal, c2021.  a1 online resource  a10.4321/geo.11  ahttp://0.0.0.0:8888/index.php/portaldelivrosUSP/catalog/book/310 aFree-to-readfUnrestricted online access2star  aO objetivo da obra é fornecer instruções, de maneira simples e prática, para correção e adubação de pastagens tropicais. A elaboração deste livro é uma das iniciativas de ampliação no acesso à informação e transferência de tecnologia, desenvolvida pelo Grupo de Estudos em Forragicultura e Pastagens (GEFEP) da Faculdade de Zootecnia e Engenharia de Alimentos (FZEA-USP). Os autores esperam que essa iniciativa possa colaborar para o desenvolvimento dos sistemas produtivos na região, contribuir para a recuperação das pastagens e, ainda, oportunizar melhorias em produtividade e persistência das gramíneas tropicais. 7 aLivro2local10aHerling, Valdo Rodrigues,eauthor0 nPortal de Livros Abertos da USP;0 nUSP Open Books Portal;0 aPortal de Livros Abertos da USP.40zFree-to-read:uhttp://0.0.0.0:8888/index.php/portaldelivrosUSP/catalog/book/3170  aElectronic resourcewASISmONLINEkONLINElONLINEoUSP OA harvest 471 records20210709rYsYtONLINE  aBSLW: DO NOT PROCESS.  a42  aONLINEbONLINEcElectronic resourcedONLINEf1